<?xml version="1.0" encoding="UTF-8"?><record xmlns="http://www.loc.gov/MARC21/slim" xmlns:cinclude="http://apache.org/cocoon/include/1.0" xmlns:zs="http://www.loc.gov/zing/srw/">
  <leader>01731nz  a2200229n  4500</leader>
  <controlfield tag="001">no2014161747</controlfield>
  <controlfield tag="003">DLC</controlfield>
  <controlfield tag="005">20141209073613.0</controlfield>
  <controlfield tag="008">141208n| azannaabn          fb ana     c</controlfield>
  <datafield tag="010" ind1=" " ind2=" ">
    <subfield code="a">no2014161747</subfield>
  </datafield>
  <datafield tag="035" ind1=" " ind2=" ">
    <subfield code="a">(OCoLC)oca10034842</subfield>
  </datafield>
  <datafield tag="040" ind1=" " ind2=" ">
    <subfield code="a">ABAU</subfield>
    <subfield code="b">eng</subfield>
    <subfield code="e">rda</subfield>
    <subfield code="c">ABAU</subfield>
  </datafield>
  <datafield tag="110" ind1="2" ind2=" ">
    <subfield code="a">Ethniko Metsovio Polytechneio (Greece).</subfield>
    <subfield code="b">Scholē Agronomōn kai Topographōn Mēchanikōn</subfield>
  </datafield>
  <datafield tag="368" ind1=" " ind2=" ">
    <subfield code="a">Public universities and colleges--Departments</subfield>
    <subfield code="2">lcsh</subfield>
  </datafield>
  <datafield tag="370" ind1=" " ind2=" ">
    <subfield code="e">Athens (Greece)</subfield>
    <subfield code="2">naf</subfield>
  </datafield>
  <datafield tag="372" ind1=" " ind2=" ">
    <subfield code="a">Rural development--Study and teaching (Higher)</subfield>
    <subfield code="a">Rural development--Research</subfield>
    <subfield code="a">Surveying--Study and teaching (Higher)</subfield>
    <subfield code="a">Surveying--Research</subfield>
    <subfield code="2">lcsh</subfield>
  </datafield>
  <datafield tag="410" ind1="2" ind2=" ">
    <subfield code="a">Ethniko Metsovio Polytechneio (Greece).</subfield>
    <subfield code="b">School of Rural and Surveying Engineering</subfield>
  </datafield>
  <datafield tag="410" ind1="2" ind2=" ">
    <subfield code="a">Εθνικó Μετσóβιο Πολυτεχνείο (Greece).</subfield>
    <subfield code="b">Σχολή Αγρονόμων και Τοπογράφων Μηχανικών</subfield>
  </datafield>
  <datafield tag="510" ind1="2" ind2=" ">
    <subfield code="w">r</subfield>
    <subfield code="i">Hierarchical superior:</subfield>
    <subfield code="a">Ethniko Metsovio Polytechneio (Greece)</subfield>
  </datafield>
  <datafield tag="667" ind1=" " ind2=" ">
    <subfield code="a">Non-Latin script reference not evaluated.</subfield>
  </datafield>
  <datafield tag="670" ind1=" " ind2=" ">
    <subfield code="a">Efthymiou, D. Measuring the effects of economic crisis on users' perceptions of public transport quality, 2014:</subfield>
    <subfield code="b">t.p. (Laboratory of Transportation Engineering, School of Rural and Surveying Engineering, National Technical University of Athens ... Athens ... Greece)</subfield>
  </datafield>
  <datafield tag="670" ind1=" " ind2=" ">
    <subfield code="a">SRSE - School of Rural and Surveying Engineering, via WWW, Dec. 8, 2014</subfield>
    <subfield code="b">[to Greek page] (Εθνικó Μετσóβιο Πολυτεχνείο, Σχολή Αγρονόμων και Τοπογράφων Μηχανικών) [to English page] (National Technical University of Athens, School of Rural and Surveying Engineering)</subfield>
    <subfield code="u">http://www.survey.ntua.gr/el/</subfield>
    <subfield code="u">http://www.survey.ntua.gr/en/</subfield>
  </datafield>
</record>